@misc{notebook_calculos,
    title = {Notebook calculos},
    url = {https://github.com/brunogle/tc2-r4001/blob/master/trabajo_laboratorio_1/analisis.ipynb}
}

@misc{codigo,
    title = {Codigo LPC1769},
    url = {https://github.com/brunogle/tc2-r4001/blob/master/trabajo_laboratorio_1/analisis.ipynb}
}

@misc{notebook_analisis,
    title = {Notebook analisis},
    url = {https://github.com/brunogle/tc2-r4001/blob/master/trabajo_laboratorio_1/analisis.ipynb}
}


