@article{uaf42,
    title = {{UNIVERSAL ACTIVE FILTER}},
    year = {2010},
    booktitle = {UNIVERSAL ACTIVE FILTER},
    author = {Texas Instruments},
    publisher = {Texas Instruments},
    url = {https://www.ti.com/lit/ds/symlink/uaf42.pdf},
    keywords = {datasheet}
}

@misc{res_calc,
    title = {IN3OTD Resistor calculator},
    url = {https://www.qsl.net/in3otd/parallr.html},
}

@misc{val_osc_file,
    title = {Valores Medicion Osciloscopio},
    url = {https://github.com/brunogle/tc2-r4001/blob/master/trabajo_laboratorio_1/mediciones_osciloscopio.csv}
}

@misc{val_mag_analizador_file,
    title = {Valores Medicion Osciloscopio},
    url = {https://github.com/brunogle/tc2-r4001/blob/master/trabajo_laboratorio_1/mediciones_analizador_modulo.csv}
}
@misc{val_fase_analizador_file,
    title = {Valores Medicion Osciloscopio},
    url = {https://github.com/brunogle/tc2-r4001/blob/master/trabajo_laboratorio_1/mediciones_analizador_fase.csv}
}
@misc{notebook,
    title = {Notebook analisis},
    url = {https://github.com/brunogle/tc2-r4001/blob/master/trabajo_laboratorio_1/analisis.ipynb}
}

